<record><leader>00000cas a2200000 a 4500</leader><controlfield tag="001">2253616</controlfield><controlfield tag="008">760620d17911792nhuwr ne      0   a0eng c</controlfield><datafield ind1=" " ind2=" " tag="010"><subfield code="a">sn 83025507 </subfield></datafield><datafield ind1=" " ind2=" " tag="040"><subfield code="a">MUL</subfield><subfield code="b">eng</subfield><subfield code="c">MUL</subfield><subfield code="d">NPV</subfield><subfield code="d">NPU</subfield><subfield code="d">NPX</subfield><subfield code="d">DLC</subfield><subfield code="d">NPA</subfield><subfield code="d">NJW</subfield><subfield code="d">KNP</subfield><subfield code="d">NVH</subfield><subfield code="d">KNP</subfield><subfield code="d">DLC</subfield><subfield code="d">NYS</subfield><subfield code="d">NVK</subfield><subfield code="d">OCL</subfield><subfield code="d">CVF</subfield><subfield code="d">NYS</subfield><subfield code="d">BUF</subfield><subfield code="d">KRTAS</subfield><subfield code="d">OCLCQ</subfield><subfield code="d">OCLCF</subfield><subfield code="d">OCLCO</subfield></datafield><datafield ind1=" " ind2=" " tag="042"><subfield code="a">pcc</subfield></datafield><datafield ind1=" " ind2=" " tag="043"><subfield code="a">n-us-nh</subfield></datafield><datafield ind1=" " ind2=" " tag="045"><subfield code="a">v9v9</subfield></datafield><datafield ind1="0" ind2="0" tag="050"><subfield code="a">Newspaper</subfield></datafield><datafield ind1="1" ind2="4" tag="050"><subfield code="a">AP2.A2</subfield><subfield code="b">A63 Box 104</subfield></datafield><datafield ind1=" " ind2=" " tag="052"><subfield code="a">3743</subfield><subfield code="b">M4</subfield></datafield><datafield ind1="0" ind2=" " tag="130"><subfield code="a">Concord herald (Concord, N.H.)</subfield></datafield><datafield ind1="1" ind2="0" tag="245"><subfield code="a">Concord herald.</subfield></datafield><datafield ind1=" " ind2=" " tag="260"><subfield code="a">Concord, N.H. :</subfield><subfield code="b">George Hough,</subfield><subfield code="c">1791-1792.</subfield></datafield><datafield ind1=" " ind2=" " tag="300"><subfield code="a">v.</subfield></datafield><datafield ind1=" " ind2=" " tag="310"><subfield code="a">Weekly</subfield></datafield><datafield ind1="0" ind2=" " tag="362"><subfield code="a">Vol. 2, no. 8 (Mar. 9, 1791)-v. 3, no. 30 (Sept. 1, 1792).</subfield></datafield><datafield ind1=" " ind2=" " tag="530"><subfield code="a">Available microform from Readex Microprint Corp.</subfield></datafield><datafield ind1=" " ind2="0" tag="651"><subfield code="a">Concord (N.H.)</subfield><subfield code="v">Newspapers.</subfield></datafield><datafield ind1=" " ind2="0" tag="651"><subfield code="a">Merrimack County (N.H.)</subfield><subfield code="v">Newspapers.</subfield></datafield><datafield ind1=" " ind2="7" tag="655"><subfield code="a">Newspapers.</subfield><subfield code="2">fast</subfield><subfield code="0">(OCoLC)fst01423814</subfield></datafield><datafield ind1=" " ind2="7" tag="651"><subfield code="a">New Hampshire</subfield><subfield code="z">Concord.</subfield><subfield code="2">fast</subfield><subfield code="0">(OCoLC)fst01205752</subfield></datafield><datafield ind1=" " ind2="7" tag="651"><subfield code="a">New Hampshire</subfield><subfield code="z">Merrimack County.</subfield><subfield code="2">fast</subfield><subfield code="0">(OCoLC)fst01211979</subfield></datafield><datafield ind1=" " ind2=" " tag="752"><subfield code="a">United States</subfield><subfield code="b">New Hampshire</subfield><subfield code="c">Merrimack</subfield><subfield code="d">Concord.</subfield></datafield><datafield ind1="0" ind2="0" tag="780"><subfield code="t">Hough's Concord herald (Concord, N.H. : 1791)</subfield><subfield code="w">(DLC)sn 90062308</subfield><subfield code="w">(OCoLC)22136042</subfield></datafield><datafield ind1="0" ind2="0" tag="785"><subfield code="t">Hough's Concord herald (Concord, N.H. : 1792)</subfield><subfield code="w">(DLC)sn 83025508</subfield><subfield code="w">(OCoLC)9551940</subfield></datafield><datafield ind1=" " ind2=" " tag="938"><subfield code="a">Kirtas Technologies, Inc.</subfield><subfield code="b">KRTS</subfield><subfield code="n">734126</subfield></datafield></record>